@article{nonidfemto,
  title = {Nonidentical-particle femtoscopy at $\sqrt{{s}_{\mathit{NN}}}=200$ {GeV} in hydrodynamics with statistical hadronization},
  author = {Kisiel, Adam},
  journal = {Phys. Rev. C},
  volume = {81},
  issue = {6},
  pages = {064906},
  numpages = {30},
  year = {2010},
  month = {Jun},
  doi = {10.1103/PhysRevC.81.064906},
  url = {http://link.aps.org/doi/10.1103/PhysRevC.81.064906},
  publisher = {American Physical Society}
}

@phdthesis{drkisiel,
    author    = {Kisiel, Adam},
    title     = {Studies of non-identical meson-meson correlations at low relative velocities in relativistic heavy-ion collisions registered in the STAR experiment},
    school    = "Warsaw University of Technology",
    year      = {2004},
    month    = {Aug},
}

@article{sh,
      author         = "Kisiel, Adam and Brown, David A.",
      title          = "{Efficient and robust calculation of femtoscopic
                        correlation functions in spherical harmonics directly from
                        the raw pairs measured in heavy-ion collisions}",
      journal        = "Phys.Rev.",
      volume         = "C80",
      pages          = "064911",
      doi            = "10.1103/PhysRevC.80.064911",
      year           = "2009",
      eprint         = "0901.3527",
      archivePrefix  = "arXiv",
      primaryClass   = "nucl-th",
      reportNumber   = "LLNL-JRNL-409701",
      SLACcitation   = "%%CITATION = ARXIV:0901.3527;%%",
}

@article{ppfemto,
      author         = "Aamodt, K. and others",
      title          = "{Femtoscopy of $pp$ collisions at $\sqrt{s}=0.9$ and 7
                        TeV at the LHC with two-pion Bose-Einstein correlations}",
      collaboration  = "ALICE Collaboration",
      journal        = "Phys.Rev.",
      volume         = "D84",
      pages          = "112004",
      doi            = "10.1103/PhysRevD.84.112004",
      year           = "2011",
      eprint         = "1101.3665",
      archivePrefix  = "arXiv",
      primaryClass   = "hep-ex",
      reportNumber   = "CERN-PH-EP-2010-083",
      SLACcitation   = "%%CITATION = ARXIV:1101.3665;%%",
}

@book{bartke,
  title={Relativistic Heavy Ion Physics},
  author={Bartke, J.},
  isbn={9789810212315},
  lccn={2009284716},
  url={http://books.google.pl/books?id=huWqnD0MbiIC},
  year={2009},
  publisher={World Scientific Pub.}
}

@book{florkowski,
  title={Phenomenology of Ultra-Relativistic Heavy-Ion Collisions},
  author={Florkowski, W.},
  isbn={9789814280662},
  lccn={2011287194},
  url={http://books.google.pl/books?id=4gIp05n9lz4C},
  year={2010},
  publisher={World Scientific}
}


@article{therminator,
      author         = "Kisiel, Adam and Taluc, Tomasz and Broniowski, Wojciech
                        and Florkowski, Wojciech",
      title          = "{THERMINATOR: THERMal heavy-IoN generATOR}",
      journal        = "Comput.Phys.Commun.",
      volume         = "174",
      pages          = "669-687",
      doi            = "10.1016/j.cpc.2005.11.010",
      year           = "2006",
      eprint         = "nucl-th/0504047",
      archivePrefix  = "arXiv",
      primaryClass   = "nucl-th",
      SLACcitation   = "%%CITATION = NUCL-TH/0504047;%%",
}

@article{therminator2,
      author         = "Chojnacki, Mikolaj and Kisiel, Adam and Florkowski,
                        Wojciech and Broniowski, Wojciech",
      title          = "{THERMINATOR 2: THERMal heavy IoN generATOR 2}",
      journal        = "Comput.Phys.Commun.",
      volume         = "183",
      pages          = "746-773",
      doi            = "10.1016/j.cpc.2011.11.018",
      year           = "2012",
      eprint         = "1102.0273",
      archivePrefix  = "arXiv",
      primaryClass   = "nucl-th",
      SLACcitation   = "%%CITATION = ARXIV:1102.0273;%%",
}

@misc{root,
       title = "{ROOT} - {A Data Analysis Framework} \verb|http://root.cern.ch/drupal/|",
}

@misc{pdsh,
       title = "{PDSH} - {Parallel Distributed Shell} \verb|http://code.google.com/p/pdsh/|",
}

@misc{minuit,
       title = "{MINUIT} - {Function Minimization and Error Analysis} \verb|http://wwwasdoc.web.cern.ch/wwwasdoc/minuit/minmain.html|",
}

@article{cfomp,
      author         = "Lednicky, R.",
      title          = "{Correlation femtoscopy of multiparticle processes}",
      journal        = "Phys.Atom.Nucl.",
      volume         = "67",
      pages          = "72-82",
      doi            = "10.1134/1.1644010",
      year           = "2004",
      eprint         = "nucl-th/0305027",
      archivePrefix  = "arXiv",
      primaryClass   = "nucl-th",
      SLACcitation   = "%%CITATION = NUCL-TH/0305027;%%",
}

@article{femto_pratt,
      author         = "Pratt, Scott and Vredevoogd, Joshua",
      title          = "{Femtoscopy in Relativistic Heavy Ion Collisions and its
                        Relation to Bulk Properties of QCD Matter}",
      journal        = "Phys.Rev.",
      volume         = "C78",
      pages          = "054906",
      doi            = "10.1103/PhysRevC.79.069901, 10.1103/PhysRevC.78.054906",
      year           = "2008",
      eprint         = "0809.0516",
      archivePrefix  = "arXiv",
      primaryClass   = "nucl-th",
      SLACcitation   = "%%CITATION = ARXIV:0809.0516;%%",
}
@misc{sm_svg,
       title = "{Standard Model of Elementary Paticles} - {Wikipedia, the free encyclopedia} \verb|http://en.wikipedia.org/wiki/Standard_Model|",
}


@misc{hip,
       author = "Grebieszkow, K.",
       title = "Fizyka zderzeń ciężkich jonów, \verb|http://www.if.pw.edu.pl/~kperl/HIP/hip.html|",
}

@misc{dfck,
    author    = "Odyniec, G.",
    title     = "\textit{Phase Diagram of Quantum {Chromo-Dynamics}} - {course at Faculty of Physics, Warsaw University of Technology}",
    year     = "2012",
    month    = "Jun"
}

@article{karsch,
title = "{Lattice results on QCD thermodynamics}",
journal = "{Nuclear Physics A}",
volume = "698",
number = "1-4",
pages = "199 - 208",
year = "2002",
issn = "0375-9474",
doi = "10.1016/S0375-9474(01)01365-3",
url = "http://www.sciencedirect.com/science/article/pii/S0375947401013653",
author = "{F. Karsch}"
}

@article{cms_higgs,
title = "{Observation of a new boson at a mass of 125 GeV with the CMS experiment at the LHC}",
journal = "{Physics Letters B}",
volume = "716",
number = "1",
pages = "30 - 61",
year = "2012",
note = "",
issn = "0370-2693",
doi = "10.1016/j.physletb.2012.08.021",
url = "http://www.sciencedirect.com/science/article/pii/S0370269312008581",
author = "{S. Chatrchyan et al. (CMS Collaboration)}",
keywords = "{CMS}",
keywords = "{Physics}",
keywords = "{Higgs}"
}

@article{atlas_higgs,
title = "{Combined search for the Standard Model Higgs boson using up to 4.9 fb-1 of pp collision data at with the ATLAS detector at the LHC}",
journal = "{Physics Letters B}",
volume = "710",
number = "1",
pages = "49 - 66",
year = "2012",
note = "",
issn = "0370-2693",
doi = "10.1016/j.physletb.2012.02.044",
url = "http://www.sciencedirect.com/science/article/pii/S0370269312001852",
author = "{G. Aad et al. (ATLAS Collaboration)}"
}

@article{visc_hydro,
  title = {Flow and interferometry in (3 + 1)-dimensional viscous hydrodynamics},
  author = {Bo\ifmmode \dot{z}\else \.{z}\fi{}ek, Piotr},
  journal = {Phys. Rev. C},
  volume = {85},
  issue = {3},
  pages = {034901},
  numpages = {9},
  year = {2012},
  month = {Mar},
  doi = {10.1103/PhysRevC.85.034901},
  url = {http://link.aps.org/doi/10.1103/PhysRevC.85.034901},
  publisher = {American Physical Society}
}

@article{fourquark,
  title = {Observation of the Resonant Character of the $Z{(4430)}^{\!-}$ State},
  author = {R. Aaij et al. (LHCb Collaboration)},
  collaboration = {(LHCb Collaboration)},
  journal = {Phys. Rev. Lett.},
  volume = {112},
  issue = {22},
  pages = {222002},
  numpages = {9},
  year = {2014},
  month = {Jun},
  publisher = {American Physical Society},
  doi = {10.1103/PhysRevLett.112.222002},
  url = {http://link.aps.org/doi/10.1103/PhysRevLett.112.222002}
}

@article{cooperfrye,
  title = {Single-particle distribution in the hydrodynamic and statistical thermodynamic models of multiparticle production},
  author = {Cooper, Fred and Frye, Graham},
  journal = {Phys. Rev. D},
  volume = {10},
  issue = {1},
  pages = {186--189},
  numpages = {0},
  year = {1974},
  month = {Jul},
  publisher = {American Physical Society},
  doi = {10.1103/PhysRevD.10.186},
  url = {http://link.aps.org/doi/10.1103/PhysRevD.10.186}
}

@Book{lifszyc,
  author = "Lifszyc, Jewgienij M. and Landau, Lew D.",
  editor = "",
  title = "Hydrodynamika",
  publisher = "Wydawnictwo Naukowe PWN",
  year = 2009,
  address = "Warszawa",
  isbn = "978-83-01-15818-7"
}

@article{israel,
title = "Transient relativistic thermodynamics and kinetic theory ",
journal = "Annals of Physics ",
volume = "118",
number = "2",
pages = "341 - 372",
year = "1979",
note = "",
issn = "0003-4916",
doi = "http://dx.doi.org/10.1016/0003-4916(79)90130-1",
url = "http://www.sciencedirect.com/science/article/pii/0003491679901301",
author = "W. Israel and J.M. Stewart"
}

@article{adscft,
  title = {Viscosity in Strongly Interacting Quantum Field Theories from Black Hole Physics},
  author = {Kovtun, P. \,K. and Son, D. T. and Starinets, A. O.},
  journal = {Phys. Rev. Lett.},
  volume = {94},
  issue = {11},
  pages = {111601},
  numpages = {4},
  year = {2005},
  month = {Mar},
  publisher = {American Physical Society},
  doi = {10.1103/PhysRevLett.94.111601},
  url = {http://link.aps.org/doi/10.1103/PhysRevLett.94.111601}
}

@article{chmeson,
  title = {Charged Meson Rapidity Distributions in Central $\mathrm{Au}+\mathrm{Au}$ Collisions at $\sqrt{{s}_{NN}}=200\text{\,}\text{\,}\mathrm{GeV}$},
  author = {Bearden, I. et al (BRAHMS Collaboration)},
  collaboration = {BRAHMS Collaboration},
  journal = {Phys. Rev. Lett.},
  volume = {94},
  issue = {16},
  pages = {162301},
  numpages = {4},
  year = {2005},
  month = {Apr},
  publisher = {American Physical Society},
  doi = {10.1103/PhysRevLett.94.162301},
  url = {http://link.aps.org/doi/10.1103/PhysRevLett.94.162301}
}

@book{perkins,
  author = "Donald H. Perkins",
  title = {Introduction to High Energy Physics}, 
  publisher = {Cambridge University Press}, 
  year = {2000},
  isbn = {9780511809040}, 
  edition = {Fourth}, 
  note = {Cambridge Books Online}, 
  url ={http://dx.doi.org/10.1017/CBO9780511809040}
}


@article{pdg,
      author         = "J. Beringer et al. (Particle Data Group)",
      title          = "{The Review of Particle Physics}",
      journal        = "Phys. Rev.",
      volume         = "D86",
      pages          = "010001",
      year           = "2012"
}

@article{qcd_fodor,
      author         = "Fodor, Z. and Katz, S.D.",
      title          = "{The Phase diagram of quantum chromodynamics}",
      year           = "2009",
      eprint         = "0908.3341",
      archivePrefix  = "arXiv",
      primaryClass   = "hep-ph",
      SLACcitation   = "%%CITATION = ARXIV:0908.3341;%%"
}

@misc{eflow,
       title = "{Science Grid This Week, October 25, 2006 - Probing the Perfect Liquid with the STAR Grid} \verb|http://www.interactions.org/sgtw/2006/1025/star_grid_more.html|",
}

@article{heinz,
      author         = "Heinz, Ulrich W.",
      title          = "{From SPS to RHIC: Maurice and the CERN heavy-ion
                        programme}",
      journal        = "Phys.Scripta",
      volume         = "78",
      pages          = "028005",
      doi            = "10.1088/0031-8949/78/02/028005",
      year           = "2008",
      eprint         = "0805.4572",
      archivePrefix  = "arXiv",
      primaryClass   = "nucl-th",
      reportNumber   = "CERN-PH-TH-2008-114",
      SLACcitation   = "%%CITATION = ARXIV:0805.4572;%%",
}

@article{mtspectra,
      author         = "Adams, J. and others",
      title          = "{Identified particle distributions in pp and Au+Au
                        collisions at s(NN)**(1/2) = 200 GeV}",
      collaboration  = "STAR Collaboration",
      journal        = "Phys.Rev.Lett.",
      volume         = "92",
      pages          = "112301",
      doi            = "10.1103/PhysRevLett.92.112301",
      year           = "2004",
      eprint         = "nucl-ex/0310004",
      archivePrefix  = "arXiv",
      primaryClass   = "nucl-ex",
      SLACcitation   = "%%CITATION = NUCL-EX/0310004;%%",
}

@article{rapp_xu,
      author         = "David, G. and Rapp, R. and Xu, Z.",
      title          = "{Electromagnetic Probes at RHIC-II}",
      journal        = "Phys.Rept.",
      volume         = "462",
      pages          = "176-217",
      doi            = "10.1016/j.physrep.2008.04.003",
      year           = "2008",
      eprint         = "nucl-ex/0611009",
      archivePrefix  = "arXiv",
      primaryClass   = "nucl-ex",
      SLACcitation   = "%%CITATION = NUCL-EX/0611009;%%",
}

@article{marin,
      author         = "Marin, A. and others",
      title          = "{Dilepton measurements with CERES}",
      collaboration  = "CERES Collaboration",
      journal        = "PoS",
      volume         = "CPOD07",
      pages          = "034",
      year           = "2007",
      eprint         = "0802.2679",
      archivePrefix  = "arXiv",
      primaryClass   = "nucl-ex",
      SLACcitation   = "%%CITATION = ARXIV:0802.2679;%%",
}

@article{rhic_jets,
      author         = "Adams, J. and others",
      title          = "{Experimental and theoretical challenges in the search
                        for the quark gluon plasma: The STAR Collaboration's
                        critical assessment of the evidence from RHIC collisions}",
      collaboration  = "STAR Collaboration",
      journal        = "Nucl.Phys.",
      volume         = "A757",
      pages          = "102-183",
      doi            = "10.1016/j.nuclphysa.2005.03.085",
      year           = "2005",
      eprint         = "nucl-ex/0501009",
      archivePrefix  = "arXiv",
      primaryClass   = "nucl-ex",
      SLACcitation   = "%%CITATION = NUCL-EX/0501009;%%",
}

@article{pratt_pion,
      author         = "Pratt, S.",
      title          = "{Pion Interferometry for Exploding Sources}",
      journal        = "Phys.Rev.Lett.",
      volume         = "53",
      pages          = "1219-1221",
      doi            = "10.1103/PhysRevLett.53.1219",
      year           = "1984",
      SLACcitation   = "%%CITATION = PRLTA,53,1219;%%",
}

@article{alice_pion,
      author         = "Aamodt, K. and others",
      title          = "{Two-pion Bose-Einstein correlations in central Pb-Pb
                        collisions at $sqrt(s_NN)$ = 2.76 TeV}",
      collaboration  = "ALICE Collaboration",
      journal        = "Phys.Lett.",
      volume         = "B696",
      pages          = "328-337",
      doi            = "10.1016/j.physletb.2010.12.053",
      year           = "2011",
      eprint         = "1012.4035",
      archivePrefix  = "arXiv",
      primaryClass   = "nucl-ex",
      reportNumber   = "CERN-PH-EP-ALICE-2010-006",
      SLACcitation   = "%%CITATION = ARXIV:1012.4035;%%",
}

@article{sinyukov_kaon,
      author         = "Shapoval, V.M. and Braun-Munzinger, P. and Karpenko,
                        Iu.A. and Sinyukov, Yu.M.",
      title          = "{Femtoscopy correlations of kaons in $Pb + Pb$ collisions
                        at LHC within hydrokinetic model}",
      year           = "2014",
      eprint         = "1404.4501",
      archivePrefix  = "arXiv",
      primaryClass   = "hep-ph",
      SLACcitation   = "%%CITATION = ARXIV:1404.4501;%%",
}

@article{akkelin_sinyukov,
      author         = "Akkelin, S.V. and Sinyukov, Yu.M.",
      title          = "{The HBT-interferometry of expanding inhomogeneous
                        sources}",
      journal        = "Z.Phys.",
      volume         = "C72",
      pages          = "501-507",
      doi            = "10.1007/s002880050271",
      year           = "1996",
      SLACcitation   = "%%CITATION = ZEPYA,C72,501;%%",
}

@article{galazyn,
      author         = "Kisiel, A. and Galazyn, M. and Bozek, P.",
      title          = "{Pion, kaon, and proton femtoscopy in Pb--Pb collisions
                        at $\sqrt{s_{\rm NN}}$=2.76 TeV modeled in 3+1D
                        hydrodynamics}",
      year           = "2014",
      eprint         = "1409.4571",
      archivePrefix  = "arXiv",
      primaryClass   = "nucl-th",
      SLACcitation   = "%%CITATION = ARXIV:1409.4571;%%",
}